@misc{FBIRus:REUTERS:2018,
    author = "Menn, Joseph and Lynch, Sarah N.",
    title = "FBI warns Russians hacked hundreds of thousands of routers",
    howpublished =  "\url{https://www.reuters.com/article/us-usa-cyber-routers-idUSKCN1IQ2DY}",
    month = may,
    year = {2018},
    note = {Accessed 29 April 2019}
}

@misc{CVELIST,
    title = "Mikrotik Routeros Security Vulnerabilities",
    howpublished = "\url{https://www.cvedetails.com/vulnerability-list/vendor_id-12508/product_id-23641/Mikrotik-Routeros.html}",
    note = {Accessed on 29 April 2019}
}

@misc{MIKROTIK:SHODAN:2019,
    title = "Shodan search for 'MikroTik'",
    howpublished = "\url{https://www.shodan.io/search?query=mikrotik}",
    note = {Data retrieved on 1 May 2019}
}

@misc{MikroTikCryptoHack:PCMAG:2018,
    title = "200K MikroTik Routers Exploited to Serve Cryptocurrency Miner",
    howpublished = "\url{https://www.pcmag.com/news/362889/200k-mikrotik-routers-exploited-to-serve-cryptocurrency-mine}",
    month = aug,
    year = 2018,
    note = {Accessed 29 April 2019}
}

@misc{CVE2018-1156:Tenable:2018,
    author = {{Tenable Research}},
    title = "[R1] Mikrotik RouterOS Multiple Authenticated Vulnerabilities",
    howpublished = "\url{https://www.tenable.com/security/research/tra-2018-21}",
    month = aug,
    year = 2018,
    note = {Accessed on 30 April 2019}
}

@misc{CVE-2018-7445:CORESEC:2018,
    author = {{Core Security}},
    title = "MikroTik RouterOS SMB Buffer Overflow",
    howpublished = "\url{https://www.coresecurity.com/advisories/mikrotik-routeros-smb-buffer-overflow}",
    month = mar,
    year = 2018,
    note = {Accessed on 30 April 2019}
}

@misc{CVE-2018-14847:TENABLE:2018,
    author = {{Tenable Research}},
    title = "MikroTik RouterOS Vulnerabilities: There is More to CVE-2018-14847",
    howpublished = "\url{https://www.tenable.com/blog/mikrotik-routeros-vulnerabilities-there-s-more-to-cve-2018-14847}",
    month = oct,
    year = 2018,
    note = {Accessed on 30 April 2019}
}

@misc{CVE-2019-3943:TENABLE:2019,
    author = {{Tenable Research}},
    title = "MikroTik RouterOS Authenticated Directory Traversal",
    howpublished = "\url{https://www.tenable.com/security/research/tra-2019-16}",
    month = apr,
    year = 2019,
    note = {Accessed on 30 April 2019}
}

@article{ROUTERSEC:RUB:2015,
    author = "Marcus Niemietz and JÃ¶rg Schwenk",
    title = "Owning Your Home Network: Router Security Revisited",
    month = jun,
    year = 2015,
    journal = "arXiv"
}

@manual{BGPHIJACKING:INTSOC:2006,
    title = "BGP Security Vulnerabilities Analysis",
    author = "S. Murphy",
    year = 2006,
    month = jan,
    organization = "The Internet Society"
}

@conference{HONEYPOT:IEETR:2009,
    author = "Abdallah Ghourabi and Tarek Abbes and Adel Bouhoula",
    title = "Honeypot router for routing protocols protection",
    booktitle = "2009 Fourth International Conference on Risks and Security of Internet and Systems",
    edition = 4,
    pages = {127-130},
    month = oct,
    year = 2009
}

@conference{HONEYPOT:MARY:2006,
    title = "Dynamic Honeypot Construction",
    edition = 10,
    author = "Christopher Hecker and Kara L. Nance and Brian Hay",
    booktitle = "Proceedings of the 10th Colloquium for Information Systems Security Education",
    month = jun,
    year = 2006,
    pages = {95-102}
}

@article{ROUTEROSFORENSICS:IJCSIS:2017,
    author = "Muhammad Itqan Mazdadi and Imam Riadi and Ahmad Luthfi",
    title = "Live Forensics on RouterOS using API Services  to Investigate Network Attacks",
    month = feb,
    year = 2017,
    volume = 15,
    pages = {406-41},
    journal = "International Journal of Computer Science and Information Security"
}

@misc{CVSS,
    title = "NIST - Vulnerability metrics - CVSS",
    howpublished = "\url{https://nvd.nist.gov/vuln-metrics/cvss}",
    note = "Accessed on 3 May 2019"
}

@misc{HONEYPOTDEF:NORTON,
    author = {{Norton by Symantec}},
    title = "What is a honeypot? How it can lure cyberattackers",
    howpublished = "\url{https://us.norton.com/internetsecurity-iot-what-is-a-honeypot.html}",
    note = "Accessed on 8 May 2019"
}