@misc{FBIRus:REUTERS:2018,
    author = "Menn, Joseph and Lynch, Sarah N.",
    title = "FBI warns Russians hacked hundreds of thousands of routers",
    howpublished =  "\url{https://www.reuters.com/article/us-usa-cyber-routers-idUSKCN1IQ2DY}",
    month = may,
    year = {2018},
    note = {Accessed 29 April 2019}
}

@misc{CVELIST,
    title = "Mikrotik Routeros Security Vulnerabilities",
    howpublished = "\url{https://www.cvedetails.com/vulnerability-list/vendor_id-12508/product_id-23641/Mikrotik-Routeros.html}",
    note = {Accessed on 29 April 2019}
}

@misc{MIKROTIK:SHODAN:2019,
    title = "Shodan search for `MikroTik'",
    howpublished = "\url{https://www.shodan.io/search?query=mikrotik}",
    note = {Data retrieved on 1 May 2019}
}

@misc{MikroTikCryptoHack:PCMAG:2018,
    title = "200K MikroTik Routers Exploited to Serve Cryptocurrency Miner",
    howpublished = "\url{https://www.pcmag.com/news/362889/200k-mikrotik-routers-exploited-to-serve-cryptocurrency-mine}",
    month = aug,
    year = 2018,
    note = {Accessed 29 April 2019}
}

@misc{CVE2018-1156:Tenable:2018,
    author = {{Tenable Research}},
    title = "[R1] Mikrotik RouterOS Multiple Authenticated Vulnerabilities",
    howpublished = "\url{https://www.tenable.com/security/research/tra-2018-21}",
    month = aug,
    year = 2018,
    note = {Accessed on 30 April 2019}
}

@misc{CVE-2018-7445:CORESEC:2018,
    author = {{Core Security}},
    title = "MikroTik RouterOS SMB Buffer Overflow",
    howpublished = "\url{https://www.coresecurity.com/advisories/mikrotik-routeros-smb-buffer-overflow}",
    month = mar,
    year = 2018,
    note = {Accessed on 30 April 2019}
}

@misc{CVE-2018-14847:TENABLE:2018,
    author = {{Tenable Research}},
    title = "MikroTik RouterOS Vulnerabilities: There is More to CVE-2018-14847",
    howpublished = "\url{https://www.tenable.com/blog/mikrotik-routeros-vulnerabilities-there-s-more-to-cve-2018-14847}",
    month = oct,
    year = 2018,
    note = {Accessed on 30 April 2019}
}

@misc{CVE-2019-3943:TENABLE:2019,
    author = {{Tenable Research}},
    title = "MikroTik RouterOS Authenticated Directory Traversal",
    howpublished = "\url{https://www.tenable.com/security/research/tra-2019-16}",
    month = apr,
    year = 2019,
    note = {Accessed on 30 April 2019}
}

@article{ROUTERSEC:RUB:2015,
    author = "Marcus Niemietz and Jörg Schwenk",
    title = "Owning Your Home Network: Router Security Revisited",
    month = jun,
    year = 2015,
    journal = "arXiv"
}

@conference{BGPANALYSIS:EDCOUN:2011,
    author = "Muhammad Mujtaba and  Priyadarsi Nanda",
    title = "Analysis of BGP security Priyadarsi Nanda",
    year = 2011,
    month = dec,
    booktitle = "Proceedings of the 9th Australian Information Security Management Conference",
    edition = 9,
    pages = {204-214}
}

@conference{HONEYPOT:IEETR:2009,
    author = "Abdallah Ghourabi and Tarek Abbes and Adel Bouhoula",
    title = "Honeypot router for routing protocols protection",
    booktitle = "2009 Fourth International Conference on Risks and Security of Internet and Systems",
    edition = 4,
    pages = {127-130},
    month = oct,
    year = 2009
}

@conference{HONEYPOT:MARY:2006,
    title = "Dynamic Honeypot Construction",
    edition = 10,
    author = "Christopher Hecker and Kara L. Nance and Brian Hay",
    booktitle = "Proceedings of the 10th Colloquium for Information Systems Security Education",
    month = jun,
    year = 2006,
    pages = {95-102}
}

@article{ROUTEROSFORENSICS:IJCSIS:2017,
    author = "Muhammad Itqan Mazdadi and Imam Riadi and Ahmad Luthfi",
    title = "Live Forensics on RouterOS using API Services to Investigate Network Attacks",
    month = feb,
    year = 2017,
    volume = 15,
    pages = {406-410},
    journal = "International Journal of Computer Science and Information Security"
}

@misc{HONEYPOTDEF:NORTON,
    author = {{Norton by Symantec}},
    title = "What is a honeypot? How it can lure cyberattackers",
    howpublished = "\url{https://us.norton.com/internetsecurity-iot-what-is-a-honeypot.html}",
    note = "Accessed on 8 May 2019"
}

@article{DNSATTACK:NETSEC:2014,
    title = "DNS as an attack vector and how businesses can keep it secure",
    author = "Chris Marrison",
    month = jun,
    year = 2014,
    volume = 2014,
    pages = {17-20},
    journal = "Network Security"
}

@misc{DLINK:DNSHIJACK:2019,
    author = "Balaji N",
    title = "New DNS Hijacking Attack Exploiting DLink Routers to Target Netflix, PayPal, Uber, Gmail Users",
    month = apr,
    year = 2019,
    note = "Accessed on 22 May 2019",
    howpublished = "\url{https://gbhackers.com/new-dns-hijacking-attack/}"
}

@misc{CVE-2017-7285:CXSECURIITY:2017,
    author = {{CX Security}},
    title = "MikroTik RouterBoard V-6.38.5 Denial Of Service | CPU Consumption",
    howpublished = "\url{https://cxsecurity.com/issue/WLB-2017030242}",
    month = mar,
    year = 2017,
    note = "Accessed on 23 May 2019"
}

@misc{GITHUB:SECLISTS,
    author = "Daniel Miessler and Jason Haddix and g0tmi1k",
    title = "SecLists, The pentesters companion",
    howpublished = "\url{https://github.com/danielmiessler/SecLists}",
    note = "Accessed on 28 May 2019"
}

@conference{UNDERSTANDINGMIRAI:USENIX:2017,
    author = "Manos Antonakakis and Tim April and Michael Bailey and Matthew Bernhard and Elie Bursztein and Jaime Cochran and Zakir Durumeric and J. Alex Halderman and Luca Invernizzi and Michalis Kallitsis and Deepak Kumar and Chaz Lever and Zane Ma and Joshua Mason and Damian Menscher and Chad Seaman and Nick Sullivan and Kurt Thomas and Yi Zhou",
    title = "Understanding the Mirai Botnet",
    month = aug,
    year = 2017,
    pages = {1093-1110},
    booktitle = "Proceedings of the 26th USENIX Security Symposium",
    edition = 26
}

@article{IMPROVINGIOTBOTNET:SENSORS:2018,
    author = "João Marcelo Ceron and Klaus Steding-Jessen and Cristine Hoepers and Lisandro Zambenedetti Granville and Cíntia Borges Margi",
    title = "Improving IoT Botnet Investigation Using an Adaptive Network Layer",
    month = feb,
    year = 2019,
    journal = "Sensors"
}

@misc{DDOSCSP:AKAMAI:2019,
    author = "Tom Emmons",
    title = "Do DDoS attacks originate from Cloud Service Providers?",
    month = may,
    year = 2019,
    howpublished = "\url{https://blogs.akamai.com/2019/05/do-ddos-attacks-originate-from-cloud-service-providers.html}",
    note = "Accessed on 11 June 2019"
}

@conference{EUTORTLAW:SPRINGER:2007,
    author="Bernhard A. Koch",
    title = {The "Principles of European Tort Law"},
    month = mar,
    year = 2007,
    publisher = "Springer",
    booktitle = "ERFA Forum",
    volume  = 8,
    edition = 2007,
    pages = {107-124}
}

@conference{HONEYPOTSLIABILITY:SPRINGER:2015,
    author = "Pavol Sokol and Maros Andrejko",
    title = "Deploying Honeypots and Honeynets: Issues of Liability",
    year = 2015,
    month = may,
    booktitle = "International Conference on Computer Networks",
    pages = {92-101},
    edition = 2015,
    publisher = "Springer"
}

@misc{IOTMALWARE:SYMANTEC:2016,
    author = {{Symantec Security Response}},
    howpublished = "\url{https://www.symantec.com/connect/blogs/iot-devices-being-increasingly-used-ddos-attacks}",
    title = "IoT devices being increasingly used for DDoS attacks",
    note = "Accessed on 17 June 2019",
    year = 2016,
    month = sep
}

@misc{6700INC14847:TWITTER:2019,
    author = {{GreyNoise Intelligence (@GreyNoiseIO)}},
    title = "GreyNoise has identified a sustained 6,700\% increase in scan and attack traffic for the Mikrotik management port (8291/TCP). Malicious/compromised devices are being observed slinging CVE-2018-14847. Tags available to all users now",
    howpublished="\url{https://twitter.com/GreyNoiseIO/status/1138905809608482817}",
    month = jun,
    year = 2019,
    note = "Accessed on 18 June 2019"
}

@mastersthesis{BRUTEFORCE:CLARCKSON:2008,
  author       = {James P. Owens}, 
  title        = {A Study of Passwords and Methods Used in Brute-Force SSH Attacks},
  school       = {CLARKSON UNIVERSITY},
  year         = 2008,
  month        = mar
}